% Encoding: UTF-8

@Book{Wackerly2010,
  title     = {Estadística matemática con aplicaciones},
  publisher = {Cengage Learning},
  year      = {2010},
  author    = {Wackerly, Dennis and Mendenhall, William and Scheaffer, Richard},
  editor    = {Sergio R. Cervantes Gonzáles},
}

@Comment{jabref-meta: databaseType:bibtex;}
